
<srw:record>
<srw:recordSchema>marcxchange</srw:recordSchema>
<srw:recordPacking>xml</srw:recordPacking>
<srw:recordData>
<mxc:record xmlns:mxc="info:lc/xmlns/marcxchange-v2" format="INTERMARC" id="ark:/12148/cb121422354" type="Authority">   <mxc:leader>00737c1 ac2200027   45  </mxc:leader>   <mxc:controlfield tag="001">FRBNF121422358</mxc:controlfield>   <mxc:controlfield tag="003">http://catalogue.bnf.fr/ark:/12148/cb121422354</mxc:controlfield>   <mxc:controlfield tag="008">900320070403frfre     b1p             1994     ..........    210 </mxc:controlfield>   <mxc:datafield tag="110" ind1=" " ind2=" ">      <mxc:subfield code="w">20 .b.....</mxc:subfield>      <mxc:subfield code="a">Bibliothèque nationale</mxc:subfield>      <mxc:subfield code="c">France</mxc:subfield>      <mxc:subfield code="b">Réserve des livres rares et précieux</mxc:subfield>      <mxc:subfield code="b">Enfer</mxc:subfield>   </mxc:datafield>   <mxc:datafield tag="410" ind1=" " ind2=" ">      <mxc:subfield code="w">....b.....</mxc:subfield>      <mxc:subfield code="a">Bibliothèque nationale</mxc:subfield>      <mxc:subfield code="c">France</mxc:subfield>      <mxc:subfield code="b">Département des livres imprimés</mxc:subfield>      <mxc:subfield code="b">Réserve</mxc:subfield>      <mxc:subfield code="b">Enfer</mxc:subfield>   </mxc:datafield>   <mxc:datafield tag="410" ind1=" " ind2=" ">      <mxc:subfield code="w">....b.....</mxc:subfield>      <mxc:subfield code="a">Bibliothèque nationale</mxc:subfield>      <mxc:subfield code="c">France</mxc:subfield>      <mxc:subfield code="b">Enfer de la Réserve des livres imprimés</mxc:subfield>   </mxc:datafield>   <mxc:datafield tag="410" ind1=" " ind2=" ">      <mxc:subfield code="w">....b.....</mxc:subfield>      <mxc:subfield code="a">Bibliothèque nationale</mxc:subfield>      <mxc:subfield code="b">Réserve des livres imprimés</mxc:subfield>      <mxc:subfield code="b">Enfer</mxc:subfield>   </mxc:datafield>   <mxc:datafield tag="410" ind1=" " ind2=" ">      <mxc:subfield code="w">....b.....</mxc:subfield>      <mxc:subfield code="a">Enfer de la Réserve des livres imprimés de la Bibliothèque nationale</mxc:subfield>   </mxc:datafield>   <mxc:datafield tag="610" ind1=" " ind2=" ">      <mxc:subfield code="a">Larousse 19e s.</mxc:subfield>      <mxc:subfield code="a">GLE</mxc:subfield>      <mxc:subfield code="a">L'Enfer vu d'ici / J. Veyrin-Forrer, Revue de la Bibliothèque nationale, hiver 1984</mxc:subfield>   </mxc:datafield>   <mxc:datafield tag="612" ind1=" " ind2=" ">      <mxc:subfield code="a">BN ACO</mxc:subfield>   </mxc:datafield>   <mxc:datafield tag="907" ind1=" " ind2=" ">      <mxc:subfield code="o">GEA</mxc:subfield>      <mxc:subfield code="a">002579279</mxc:subfield>   </mxc:datafield>   <mxc:datafield tag="917" ind1=" " ind2=" ">      <mxc:subfield code="o">OPL</mxc:subfield>      <mxc:subfield code="a">004986409</mxc:subfield>   </mxc:datafield>
</mxc:record>      </srw:recordData>
<srw:recordIdentifier>ark:/12148/cb121422354</srw:recordIdentifier>
<srw:recordPosition>3</srw:recordPosition>
<srw:extraRecordData>
<ixm:attr name="CreationDate">19900320</ixm:attr>
<ixm:attr name="LastModificationDate">20070403</ixm:attr>
<mn:score>7.113505</mn:score>
</srw:extraRecordData>
</srw:record>