
<srw:record>
<srw:recordSchema>marcxchange</srw:recordSchema>
<srw:recordPacking>xml</srw:recordPacking>
<srw:recordData>
<mxc:record xmlns:mxc="info:lc/xmlns/marcxchange-v2" format="INTERMARC" id="ark:/12148/cb11862473q" type="Authority">   <mxc:leader>01158c0 ac2200027   45  </mxc:leader>   <mxc:controlfield tag="001">FRBNF118624734</mxc:controlfield>   <mxc:controlfield tag="003">http://catalogue.bnf.fr/ark:/12148/cb11862473q</mxc:controlfield>   <mxc:controlfield tag="008">840211120125frfre     b1p   1792      1994     ..........  a 010 </mxc:controlfield>   <mxc:datafield tag="031" ind1=" " ind2=" ">      <mxc:subfield code="a">0000000122941037</mxc:subfield>      <mxc:subfield code="2">ISNI</mxc:subfield>      <mxc:subfield code="d">20131217</mxc:subfield>   </mxc:datafield>   <mxc:datafield tag="045" ind1=" " ind2=" ">      <mxc:subfield code="a">a</mxc:subfield>   </mxc:datafield>   <mxc:datafield tag="110" ind1=" " ind2=" ">      <mxc:subfield code="w">20..b.....</mxc:subfield>      <mxc:subfield code="a">Bibliothèque nationale</mxc:subfield>      <mxc:subfield code="c">France</mxc:subfield>      <mxc:subfield code="b">Département des estampes et de la photographie</mxc:subfield>   </mxc:datafield>   <mxc:datafield tag="301" ind1="2" ind2=" ">      <mxc:subfield code="r">Après 1994, voir</mxc:subfield>      <mxc:subfield code="3">12456385</mxc:subfield>      <mxc:subfield code="w">20..b.....</mxc:subfield>      <mxc:subfield code="a">Bibliothèque nationale de France</mxc:subfield>      <mxc:subfield code="b">Département des estampes et de la photographie</mxc:subfield>   </mxc:datafield>   <mxc:datafield tag="410" ind1=" " ind2=" ">      <mxc:subfield code="w">....b.....</mxc:subfield>      <mxc:subfield code="a">Bibliothèque nationale</mxc:subfield>      <mxc:subfield code="c">France</mxc:subfield>      <mxc:subfield code="b">Cabinet des estampes</mxc:subfield>   </mxc:datafield>   <mxc:datafield tag="410" ind1=" " ind2=" ">      <mxc:subfield code="w">....b.....</mxc:subfield>      <mxc:subfield code="a">Bibliothèque nationale</mxc:subfield>      <mxc:subfield code="c">France</mxc:subfield>      <mxc:subfield code="b">Cabinet des estampes et de la photographie</mxc:subfield>   </mxc:datafield>   <mxc:datafield tag="410" ind1=" " ind2=" ">      <mxc:subfield code="w">....b.....</mxc:subfield>      <mxc:subfield code="a">Bibliothèque nationale</mxc:subfield>      <mxc:subfield code="c">France</mxc:subfield>      <mxc:subfield code="b">Département des estampes</mxc:subfield>   </mxc:datafield>   <mxc:datafield tag="410" ind1=" " ind2=" ">      <mxc:subfield code="w">....b.....</mxc:subfield>      <mxc:subfield code="a">Cabinet des estampes</mxc:subfield>      <mxc:subfield code="c">Paris</mxc:subfield>   </mxc:datafield>   <mxc:datafield tag="410" ind1=" " ind2=" ">      <mxc:subfield code="w">....b....1</mxc:subfield>      <mxc:subfield code="a">Bibliothèque nationale</mxc:subfield>      <mxc:subfield code="c">Paris</mxc:subfield>      <mxc:subfield code="b">Estampes</mxc:subfield>      <mxc:subfield code="p">Cabinet</mxc:subfield>   </mxc:datafield>   <mxc:datafield tag="410" ind1=" " ind2=" ">      <mxc:subfield code="w">....b....1</mxc:subfield>      <mxc:subfield code="a">Bibliothèque nationale</mxc:subfield>      <mxc:subfield code="c">Paris</mxc:subfield>      <mxc:subfield code="b">Estampes et photographie</mxc:subfield>      <mxc:subfield code="p">Département</mxc:subfield>   </mxc:datafield>   <mxc:datafield tag="410" ind1=" " ind2=" ">      <mxc:subfield code="w">....b....1</mxc:subfield>      <mxc:subfield code="a">Bibliothèque nationale</mxc:subfield>      <mxc:subfield code="c">Paris</mxc:subfield>      <mxc:subfield code="b">Estampes et photographies</mxc:subfield>      <mxc:subfield code="p">Département</mxc:subfield>   </mxc:datafield>   <mxc:datafield tag="605" ind1=" " ind2=" ">      <mxc:subfield code="b">58 rue de Richelieu</mxc:subfield>      <mxc:subfield code="c">75084</mxc:subfield>      <mxc:subfield code="d">Paris Cedex 02</mxc:subfield>   </mxc:datafield>   <mxc:datafield tag="624" ind1=" " ind2=" ">      <mxc:subfield code="a">020</mxc:subfield>   </mxc:datafield>   <mxc:datafield tag="624" ind1=" " ind2=" ">      <mxc:subfield code="a">700</mxc:subfield>   </mxc:datafield>   <mxc:datafield tag="907" ind1=" " ind2=" ">      <mxc:subfield code="o">GEA</mxc:subfield>      <mxc:subfield code="a">000003943</mxc:subfield>   </mxc:datafield>   <mxc:datafield tag="917" ind1=" " ind2=" ">      <mxc:subfield code="o">OPL</mxc:subfield>      <mxc:subfield code="a">000003982</mxc:subfield>   </mxc:datafield>   <mxc:datafield tag="919" ind1=" " ind2=" ">      <mxc:subfield code="p">BN</mxc:subfield>      <mxc:subfield code="o">CNA</mxc:subfield>      <mxc:subfield code="a">00000398</mxc:subfield>   </mxc:datafield>   <mxc:datafield tag="996" ind1=" " ind2=" ">      <mxc:subfield code="o">OPP</mxc:subfield>      <mxc:subfield code="a">14945531</mxc:subfield>      <mxc:subfield code="d">20081021</mxc:subfield>   </mxc:datafield>   <mxc:datafield tag="996" ind1=" " ind2=" ">      <mxc:subfield code="o">OPP</mxc:subfield>      <mxc:subfield code="a">15444689</mxc:subfield>      <mxc:subfield code="d">20100511</mxc:subfield>   </mxc:datafield>   <mxc:datafield tag="996" ind1=" " ind2=" ">      <mxc:subfield code="o">OPP</mxc:subfield>      <mxc:subfield code="a">15491928</mxc:subfield>      <mxc:subfield code="d">20120125</mxc:subfield>   </mxc:datafield>
</mxc:record>      </srw:recordData>
<srw:recordIdentifier>ark:/12148/cb11862473q</srw:recordIdentifier>
<srw:recordPosition>4</srw:recordPosition>
<srw:extraRecordData>
<ixm:attr name="CreationDate">19850622</ixm:attr>
<ixm:attr name="LastModificationDate">20131217</ixm:attr>
<mn:score>6.9414783</mn:score>
</srw:extraRecordData>
</srw:record>