
<srw:record>
<srw:recordSchema>marcxchange</srw:recordSchema>
<srw:recordPacking>xml</srw:recordPacking>
<srw:recordData>
<mxc:record xmlns:mxc="info:lc/xmlns/marcxchange-v2" format="INTERMARC" id="ark:/12148/cb11882381g" type="Authority">   <mxc:leader>01601c0 ac2200027   45  </mxc:leader>   <mxc:controlfield tag="001">FRBNF118823818</mxc:controlfield>   <mxc:controlfield tag="003">http://catalogue.bnf.fr/ark:/12148/cb11882381g</mxc:controlfield>   <mxc:controlfield tag="008">850228120125frfre     a9    19131231           ..........  ac010 </mxc:controlfield>   <mxc:datafield tag="031" ind1=" " ind2=" ">      <mxc:subfield code="a">0000000120979322</mxc:subfield>      <mxc:subfield code="2">VIAF</mxc:subfield>      <mxc:subfield code="d">20130724</mxc:subfield>   </mxc:datafield>   <mxc:datafield tag="045" ind1=" " ind2=" ">      <mxc:subfield code="a">a</mxc:subfield>      <mxc:subfield code="c">e</mxc:subfield>      <mxc:subfield code="d">a</mxc:subfield>   </mxc:datafield>   <mxc:datafield tag="110" ind1=" " ind2=" ">      <mxc:subfield code="w">20..b.....</mxc:subfield>      <mxc:subfield code="a">Association des amis de la Bibliothèque nationale de France</mxc:subfield>   </mxc:datafield>   <mxc:datafield tag="410" ind1=" " ind2=" ">      <mxc:subfield code="w">....b.....</mxc:subfield>      <mxc:subfield code="a">AaBNF</mxc:subfield>   </mxc:datafield>   <mxc:datafield tag="410" ind1=" " ind2=" ">      <mxc:subfield code="w">   .b.....</mxc:subfield>      <mxc:subfield code="a">SABN</mxc:subfield>   </mxc:datafield>   <mxc:datafield tag="410" ind1=" " ind2=" ">      <mxc:subfield code="w">....b.....</mxc:subfield>      <mxc:subfield code="a">Amis de la Bibliothèque nationale</mxc:subfield>      <mxc:subfield code="c">France</mxc:subfield>   </mxc:datafield>   <mxc:datafield tag="410" ind1=" " ind2=" ">      <mxc:subfield code="w">....b.....</mxc:subfield>      <mxc:subfield code="a">Amis de la Bibliothèque nationale de France</mxc:subfield>   </mxc:datafield>   <mxc:datafield tag="410" ind1=" " ind2=" ">      <mxc:subfield code="w">....b.....</mxc:subfield>      <mxc:subfield code="a">Association des amis de la BNF</mxc:subfield>   </mxc:datafield>   <mxc:datafield tag="410" ind1=" " ind2=" ">      <mxc:subfield code="w">....b.....</mxc:subfield>      <mxc:subfield code="a">Société des amis de la Bibliothèque nationale</mxc:subfield>      <mxc:subfield code="c">France</mxc:subfield>   </mxc:datafield>   <mxc:datafield tag="410" ind1=" " ind2=" ">      <mxc:subfield code="w">....b....1</mxc:subfield>      <mxc:subfield code="a">Société des amis de la Bibliothèque Nationale et des grandes bibliothèques de France</mxc:subfield>   </mxc:datafield>   <mxc:datafield tag="410" ind1=" " ind2=" ">      <mxc:subfield code="w">   .b....1</mxc:subfield>      <mxc:subfield code="a">Société des amis de la Bibliothèque nationale</mxc:subfield>      <mxc:subfield code="c">Paris</mxc:subfield>   </mxc:datafield>   <mxc:datafield tag="410" ind1=" " ind2=" ">      <mxc:subfield code="w">....b....1</mxc:subfield>      <mxc:subfield code="a">Société des amis de la Bibliothèque nationale</mxc:subfield>   </mxc:datafield>   <mxc:datafield tag="600" ind1=" " ind2=" ">      <mxc:subfield code="a">La "Société des amis de la Bibliothèque nationale" fondée en 1913, reconnue d'utilité publique en 1927, devenue en 1994 "Association des amis de la Bibliothèque nationale de France",  a pour mission d'enrichir les collections de la BNF, de contribuer à leur présentation et de favoriser son rayonnement</mxc:subfield>      <mxc:subfield code="a">Parfois la collectivité porte le nom de "Société des amis de la Bibliothèque Nationale et des grandes bibliothèques de France"</mxc:subfield>   </mxc:datafield>   <mxc:datafield tag="605" ind1=" " ind2=" ">      <mxc:subfield code="a">BNF</mxc:subfield>      <mxc:subfield code="b">Quai François-Mauriac</mxc:subfield>      <mxc:subfield code="c">75706</mxc:subfield>      <mxc:subfield code="d">Paris Cedex 13</mxc:subfield>   </mxc:datafield>   <mxc:datafield tag="610" ind1=" " ind2=" ">      <mxc:subfield code="u">http://www.amisbnf.org</mxc:subfield>      <mxc:subfield code="d">2005-08-19</mxc:subfield>   </mxc:datafield>   <mxc:datafield tag="624" ind1=" " ind2=" ">      <mxc:subfield code="a">020</mxc:subfield>   </mxc:datafield>   <mxc:datafield tag="907" ind1=" " ind2=" ">      <mxc:subfield code="o">GEA</mxc:subfield>      <mxc:subfield code="a">00104763X</mxc:subfield>      <mxc:subfield code="b">AMA</mxc:subfield>   </mxc:datafield>   <mxc:datafield tag="907" ind1=" " ind2=" ">      <mxc:subfield code="o">GEA</mxc:subfield>      <mxc:subfield code="a">000171332</mxc:subfield>      <mxc:subfield code="b">ACO</mxc:subfield>   </mxc:datafield>   <mxc:datafield tag="917" ind1=" " ind2=" ">      <mxc:subfield code="o">OPL</mxc:subfield>      <mxc:subfield code="a">002074558</mxc:subfield>      <mxc:subfield code="b">AMA</mxc:subfield>   </mxc:datafield>   <mxc:datafield tag="917" ind1=" " ind2=" ">      <mxc:subfield code="o">OPL</mxc:subfield>      <mxc:subfield code="a">000320107</mxc:subfield>      <mxc:subfield code="b">ACO</mxc:subfield>   </mxc:datafield>   <mxc:datafield tag="919" ind1=" " ind2=" ">      <mxc:subfield code="p">BN</mxc:subfield>      <mxc:subfield code="o">CNA</mxc:subfield>      <mxc:subfield code="a">00032841</mxc:subfield>   </mxc:datafield>   <mxc:datafield tag="996" ind1=" " ind2=" ">      <mxc:subfield code="o">OPP</mxc:subfield>      <mxc:subfield code="a">15494395</mxc:subfield>      <mxc:subfield code="d">20120125</mxc:subfield>   </mxc:datafield>
</mxc:record>      </srw:recordData>
<srw:recordIdentifier>ark:/12148/cb11882381g</srw:recordIdentifier>
<srw:recordPosition>5</srw:recordPosition>
<srw:extraRecordData>
<ixm:attr name="CreationDate">19850622</ixm:attr>
<ixm:attr name="LastModificationDate">20170825</ixm:attr>
<mn:score>6.927689</mn:score>
</srw:extraRecordData>
</srw:record>