
<srw:record>
<srw:recordSchema>marcxchange</srw:recordSchema>
<srw:recordPacking>xml</srw:recordPacking>
<srw:recordData>
<mxc:record xmlns:mxc="info:lc/xmlns/marcxchange-v2" format="INTERMARC" id="ark:/12148/cb12018346q" type="Authority">   <mxc:leader>00761c0 ac2200027   45  </mxc:leader>   <mxc:controlfield tag="001">FRBNF120183460</mxc:controlfield>   <mxc:controlfield tag="003">http://catalogue.bnf.fr/ark:/12148/cb12018346q</mxc:controlfield>   <mxc:controlfield tag="008">860101120405frfre     b1p                      ..........  a 010 </mxc:controlfield>   <mxc:datafield tag="045" ind1=" " ind2=" ">      <mxc:subfield code="a">a</mxc:subfield>   </mxc:datafield>   <mxc:datafield tag="110" ind1=" " ind2=" ">      <mxc:subfield code="w">20..b.....</mxc:subfield>      <mxc:subfield code="a">Bibliothèque nationale</mxc:subfield>      <mxc:subfield code="c">France</mxc:subfield>      <mxc:subfield code="b">Département des livres imprimés</mxc:subfield>      <mxc:subfield code="b">Salle de travail</mxc:subfield>   </mxc:datafield>   <mxc:datafield tag="410" ind1=" " ind2=" ">      <mxc:subfield code="w">....b.....</mxc:subfield>      <mxc:subfield code="a">Bibliothèque nationale</mxc:subfield>      <mxc:subfield code="c">France</mxc:subfield>      <mxc:subfield code="b">Département des livres imprimés</mxc:subfield>      <mxc:subfield code="b">Salle Labrouste</mxc:subfield>   </mxc:datafield>   <mxc:datafield tag="410" ind1=" " ind2=" ">      <mxc:subfield code="w">....b.....</mxc:subfield>      <mxc:subfield code="a">Bibliothèque nationale</mxc:subfield>      <mxc:subfield code="c">France</mxc:subfield>      <mxc:subfield code="b">Salle de travail des livres imprimés</mxc:subfield>   </mxc:datafield>   <mxc:datafield tag="410" ind1=" " ind2=" ">      <mxc:subfield code="w">....b.....</mxc:subfield>      <mxc:subfield code="a">Bibliothèque nationale</mxc:subfield>      <mxc:subfield code="c">France</mxc:subfield>      <mxc:subfield code="b">Salle Labrouste</mxc:subfield>   </mxc:datafield>   <mxc:datafield tag="410" ind1=" " ind2=" ">      <mxc:subfield code="w">....b....1</mxc:subfield>      <mxc:subfield code="a">Bibliothèque nationale</mxc:subfield>      <mxc:subfield code="c">Paris</mxc:subfield>      <mxc:subfield code="b">Imprimés</mxc:subfield>      <mxc:subfield code="p">Département</mxc:subfield>      <mxc:subfield code="b">Salle de travail</mxc:subfield>   </mxc:datafield>   <mxc:datafield tag="605" ind1=" " ind2=" ">      <mxc:subfield code="b">58 rue de Richelieu</mxc:subfield>      <mxc:subfield code="c">75084</mxc:subfield>      <mxc:subfield code="d">Paris cedex 02</mxc:subfield>   </mxc:datafield>   <mxc:datafield tag="624" ind1=" " ind2=" ">      <mxc:subfield code="a">020</mxc:subfield>   </mxc:datafield>   <mxc:datafield tag="907" ind1=" " ind2=" ">      <mxc:subfield code="o">GEA</mxc:subfield>      <mxc:subfield code="a">001016235</mxc:subfield>      <mxc:subfield code="b">AMA</mxc:subfield>   </mxc:datafield>   <mxc:datafield tag="907" ind1=" " ind2=" ">      <mxc:subfield code="o">GEA</mxc:subfield>      <mxc:subfield code="a">003304250</mxc:subfield>      <mxc:subfield code="b">ACO</mxc:subfield>   </mxc:datafield>   <mxc:datafield tag="917" ind1=" " ind2=" ">      <mxc:subfield code="o">OPL</mxc:subfield>      <mxc:subfield code="a">002041768</mxc:subfield>      <mxc:subfield code="b">AMA</mxc:subfield>   </mxc:datafield>   <mxc:datafield tag="917" ind1=" " ind2=" ">      <mxc:subfield code="o">OPL</mxc:subfield>      <mxc:subfield code="a">002731986</mxc:subfield>      <mxc:subfield code="b">ACO</mxc:subfield>   </mxc:datafield>   <mxc:datafield tag="917" ind1=" " ind2=" ">      <mxc:subfield code="o">OPB</mxc:subfield>      <mxc:subfield code="a">100470320</mxc:subfield>   </mxc:datafield>
</mxc:record>      </srw:recordData>
<srw:recordIdentifier>ark:/12148/cb12018346q</srw:recordIdentifier>
<srw:recordPosition>6</srw:recordPosition>
<srw:extraRecordData>
<ixm:attr name="CreationDate">19870315</ixm:attr>
<ixm:attr name="LastModificationDate">20170825</ixm:attr>
<mn:score>6.831819</mn:score>
</srw:extraRecordData>
</srw:record>