
<srw:record>
<srw:recordSchema>marcxchange</srw:recordSchema>
<srw:recordPacking>xml</srw:recordPacking>
<srw:recordData>
<mxc:record xmlns:mxc="info:lc/xmlns/marcxchange-v2" format="INTERMARC" id="ark:/12148/cb12077917s" type="Authority">   <mxc:leader>00435n1 ac2200027   45  </mxc:leader>   <mxc:controlfield tag="001">FRBNF120779179</mxc:controlfield>   <mxc:controlfield tag="003">http://catalogue.bnf.fr/ark:/12148/cb12077917s</mxc:controlfield>   <mxc:controlfield tag="008">880621      frfre     b1                       ..........  a 1   </mxc:controlfield>   <mxc:datafield tag="045" ind1=" " ind2=" ">      <mxc:subfield code="a">a</mxc:subfield>   </mxc:datafield>   <mxc:datafield tag="110" ind1=" " ind2=" ">      <mxc:subfield code="w">20..b.....</mxc:subfield>      <mxc:subfield code="a">Maison nationale des éleveurs</mxc:subfield>      <mxc:subfield code="c">France</mxc:subfield>      <mxc:subfield code="b">Bibliothèque</mxc:subfield>   </mxc:datafield>   <mxc:datafield tag="410" ind1=" " ind2=" ">      <mxc:subfield code="w">   .b.....</mxc:subfield>      <mxc:subfield code="a">Maison nationale des éleveurs</mxc:subfield>      <mxc:subfield code="c">France</mxc:subfield>      <mxc:subfield code="b">Service de documentation</mxc:subfield>      <mxc:subfield code="b">Bibliothèque</mxc:subfield>   </mxc:datafield>   <mxc:datafield tag="605" ind1=" " ind2=" ">      <mxc:subfield code="a">149 rue de Bercy, 75595 Paris Cedex 12</mxc:subfield>   </mxc:datafield>   <mxc:datafield tag="610" ind1=" " ind2=" ">      <mxc:subfield code="a">Ouvrages de la Bibliothèque...1972-1981, 1982</mxc:subfield>   </mxc:datafield>   <mxc:datafield tag="907" ind1=" " ind2=" ">      <mxc:subfield code="o">GEA</mxc:subfield>      <mxc:subfield code="a">001957391</mxc:subfield>   </mxc:datafield>   <mxc:datafield tag="917" ind1=" " ind2=" ">      <mxc:subfield code="o">OPL</mxc:subfield>      <mxc:subfield code="a">004054045</mxc:subfield>   </mxc:datafield>
</mxc:record>      </srw:recordData>
<srw:recordIdentifier>ark:/12148/cb12077917s</srw:recordIdentifier>
<srw:recordPosition>8</srw:recordPosition>
<srw:extraRecordData>
<ixm:attr name="CreationDate">19880621</ixm:attr>
<ixm:attr name="LastModificationDate">19880621</ixm:attr>
<mn:score>6.7796426</mn:score>
</srw:extraRecordData>
</srw:record>