
<srw:record>
<srw:recordSchema>marcxchange</srw:recordSchema>
<srw:recordPacking>xml</srw:recordPacking>
<srw:recordData>
<mxc:record xmlns:mxc="info:lc/xmlns/marcxchange-v2" format="INTERMARC" id="ark:/12148/cb14633183w" type="Authority">   <mxc:leader>00499c1 ac2200027   45  </mxc:leader>   <mxc:controlfield tag="001">FRBNF146331838</mxc:controlfield>   <mxc:controlfield tag="003">http://catalogue.bnf.fr/ark:/12148/cb14633183w</mxc:controlfield>   <mxc:controlfield tag="008">050530050531frfre     b1p   1994                           a 1   </mxc:controlfield>   <mxc:datafield tag="045" ind1=" " ind2=" ">      <mxc:subfield code="a">a</mxc:subfield>   </mxc:datafield>   <mxc:datafield tag="110" ind1=" " ind2=" ">      <mxc:subfield code="w">20..b.....</mxc:subfield>      <mxc:subfield code="a">Bibliothèque nationale de France</mxc:subfield>      <mxc:subfield code="b">Service Production audiovisuelle</mxc:subfield>   </mxc:datafield>   <mxc:datafield tag="410" ind1=" " ind2=" ">      <mxc:subfield code="w">....b.....</mxc:subfield>      <mxc:subfield code="a">Bibliothèque nationale de France</mxc:subfield>      <mxc:subfield code="b">Direction du développement culturel</mxc:subfield>      <mxc:subfield code="b">Service Production audiovisuelle</mxc:subfield>   </mxc:datafield>   <mxc:datafield tag="605" ind1=" " ind2=" ">      <mxc:subfield code="a">Adresse en 1994</mxc:subfield>      <mxc:subfield code="b">1 place Valhubert</mxc:subfield>      <mxc:subfield code="c">75013</mxc:subfield>      <mxc:subfield code="d">Paris</mxc:subfield>   </mxc:datafield>   <mxc:datafield tag="610" ind1=" " ind2=" ">      <mxc:subfield code="a">Les trésors des collections de la Bibliothèque nationale de France [Ressource électronique], cop. 1994</mxc:subfield>   </mxc:datafield>
</mxc:record>      </srw:recordData>
<srw:recordIdentifier>ark:/12148/cb14633183w</srw:recordIdentifier>
<srw:recordPosition>9</srw:recordPosition>
<srw:extraRecordData>
<ixm:attr name="CreationDate">20050530</ixm:attr>
<ixm:attr name="LastModificationDate">20170828</ixm:attr>
<mn:score>6.7778544</mn:score>
</srw:extraRecordData>
</srw:record>