
<srw:record>
<srw:recordSchema>marcxchange</srw:recordSchema>
<srw:recordPacking>xml</srw:recordPacking>
<srw:recordData>
<mxc:record xmlns:mxc="info:lc/xmlns/marcxchange-v2" format="INTERMARC" id="ark:/12148/cb124837202" type="Authority">   <mxc:leader>00741c0 ac2200027   45  </mxc:leader>   <mxc:controlfield tag="001">FRBNF12483720X</mxc:controlfield>   <mxc:controlfield tag="003">http://catalogue.bnf.fr/ark:/12148/cb124837202</mxc:controlfield>   <mxc:controlfield tag="008">950927071115frfre     b1p   1995               ..........  a 010 </mxc:controlfield>   <mxc:datafield tag="045" ind1=" " ind2=" ">      <mxc:subfield code="a">a</mxc:subfield>   </mxc:datafield>   <mxc:datafield tag="110" ind1=" " ind2=" ">      <mxc:subfield code="w">20..b.....</mxc:subfield>      <mxc:subfield code="a">Bibliothèque nationale de France</mxc:subfield>      <mxc:subfield code="b">Services de restauration</mxc:subfield>   </mxc:datafield>   <mxc:datafield tag="301" ind1=" " ind2=" ">      <mxc:subfield code="r">Avant 1995, voir</mxc:subfield>      <mxc:subfield code="3">11862477</mxc:subfield>      <mxc:subfield code="w">.14.b.....</mxc:subfield>      <mxc:subfield code="a">Bibliothèque nationale</mxc:subfield>      <mxc:subfield code="c">France</mxc:subfield>      <mxc:subfield code="b">Service de la conservation et de la restauration</mxc:subfield>   </mxc:datafield>   <mxc:datafield tag="410" ind1=" " ind2=" ">      <mxc:subfield code="w">....b.....</mxc:subfield>      <mxc:subfield code="a">Bibliothèque nationale de France</mxc:subfield>      <mxc:subfield code="b">Ateliers de restauration</mxc:subfield>   </mxc:datafield>   <mxc:datafield tag="410" ind1=" " ind2=" ">      <mxc:subfield code="w">....b.....</mxc:subfield>      <mxc:subfield code="a">Bibliothèque nationale de France</mxc:subfield>      <mxc:subfield code="b">Direction des Services de la conservation</mxc:subfield>      <mxc:subfield code="b">Services de restauration</mxc:subfield>   </mxc:datafield>   <mxc:datafield tag="600" ind1=" " ind2=" ">      <mxc:subfield code="a">Succède au Service de la conservation et de la restauration de l'ancienne Bibliothèque nationale</mxc:subfield>   </mxc:datafield>   <mxc:datafield tag="907" ind1=" " ind2=" ">      <mxc:subfield code="o">GEA</mxc:subfield>      <mxc:subfield code="a">006291000</mxc:subfield>      <mxc:subfield code="b">AMA</mxc:subfield>   </mxc:datafield>   <mxc:datafield tag="907" ind1=" " ind2=" ">      <mxc:subfield code="o">GEA</mxc:subfield>      <mxc:subfield code="a">006307974</mxc:subfield>      <mxc:subfield code="b">ACO</mxc:subfield>   </mxc:datafield>   <mxc:datafield tag="917" ind1=" " ind2=" ">      <mxc:subfield code="o">OPL</mxc:subfield>      <mxc:subfield code="a">011686554</mxc:subfield>      <mxc:subfield code="b">AMA</mxc:subfield>   </mxc:datafield>   <mxc:datafield tag="917" ind1=" " ind2=" ">      <mxc:subfield code="o">OPL</mxc:subfield>      <mxc:subfield code="a">011714975</mxc:subfield>      <mxc:subfield code="b">ACO</mxc:subfield>   </mxc:datafield>
</mxc:record>      </srw:recordData>
<srw:recordIdentifier>ark:/12148/cb124837202</srw:recordIdentifier>
<srw:recordPosition>13</srw:recordPosition>
<srw:extraRecordData>
<ixm:attr name="CreationDate">19950927</ixm:attr>
<ixm:attr name="LastModificationDate">20071115</ixm:attr>
<mn:score>6.6522517</mn:score>
</srw:extraRecordData>
</srw:record>