
<srw:record>
<srw:recordSchema>marcxchange</srw:recordSchema>
<srw:recordPacking>xml</srw:recordPacking>
<srw:recordData>
<mxc:record xmlns:mxc="info:lc/xmlns/marcxchange-v2" format="INTERMARC" id="ark:/12148/cb125057891" type="Authority">   <mxc:leader>00740c1 ac2200027   45  </mxc:leader>   <mxc:controlfield tag="001">FRBNF125057896</mxc:controlfield>   <mxc:controlfield tag="003">http://catalogue.bnf.fr/ark:/12148/cb125057891</mxc:controlfield>   <mxc:controlfield tag="008">960318041118frfre     b1p                      ..........  a 010 </mxc:controlfield>   <mxc:datafield tag="031" ind1=" " ind2=" ">      <mxc:subfield code="a">0000000121755048</mxc:subfield>      <mxc:subfield code="2">ISNI</mxc:subfield>      <mxc:subfield code="d">20150313</mxc:subfield>   </mxc:datafield>   <mxc:datafield tag="045" ind1=" " ind2=" ">      <mxc:subfield code="a">a</mxc:subfield>   </mxc:datafield>   <mxc:datafield tag="110" ind1=" " ind2=" ">      <mxc:subfield code="w">20..b.....</mxc:subfield>      <mxc:subfield code="a">Bibliothèque nationale de France</mxc:subfield>      <mxc:subfield code="b">Service de la coordination bibliographique</mxc:subfield>   </mxc:datafield>   <mxc:datafield tag="410" ind1=" " ind2=" ">      <mxc:subfield code="w">   .b.....</mxc:subfield>      <mxc:subfield code="a">SCB</mxc:subfield>   </mxc:datafield>   <mxc:datafield tag="410" ind1=" " ind2=" ">      <mxc:subfield code="w">   .b.....</mxc:subfield>      <mxc:subfield code="a">Bibliothèque nationale de France</mxc:subfield>      <mxc:subfield code="b">Direction du développement scientifique et des réseaux</mxc:subfield>      <mxc:subfield code="b">Service de la coordination bibliographique</mxc:subfield>   </mxc:datafield>   <mxc:datafield tag="410" ind1=" " ind2=" ">      <mxc:subfield code="w">   .b.....</mxc:subfield>      <mxc:subfield code="a">Bibliothèque nationale de France</mxc:subfield>      <mxc:subfield code="b">Service de coordination bibliographique</mxc:subfield>   </mxc:datafield>   <mxc:datafield tag="600" ind1=" " ind2=" ">      <mxc:subfield code="a">Reprend la plupart des fonctions du Centre de coordination bibliographique et technique de la Bibliothèque nationale</mxc:subfield>   </mxc:datafield>   <mxc:datafield tag="605" ind1=" " ind2=" ">      <mxc:subfield code="a">2 rue Vivienne, 75084 Paris Cedex 02</mxc:subfield>   </mxc:datafield>   <mxc:datafield tag="907" ind1=" " ind2=" ">      <mxc:subfield code="o">GEA</mxc:subfield>      <mxc:subfield code="a">006595487</mxc:subfield>   </mxc:datafield>   <mxc:datafield tag="917" ind1=" " ind2=" ">      <mxc:subfield code="o">OPL</mxc:subfield>      <mxc:subfield code="a">01232463X</mxc:subfield>   </mxc:datafield>
</mxc:record>      </srw:recordData>
<srw:recordIdentifier>ark:/12148/cb125057891</srw:recordIdentifier>
<srw:recordPosition>14</srw:recordPosition>
<srw:extraRecordData>
<ixm:attr name="CreationDate">19960318</ixm:attr>
<ixm:attr name="LastModificationDate">20150314</ixm:attr>
<mn:score>6.6522517</mn:score>
</srw:extraRecordData>
</srw:record>