
<srw:record>
<srw:recordSchema>marcxchange</srw:recordSchema>
<srw:recordPacking>xml</srw:recordPacking>
<srw:recordData>
<mxc:record xmlns:mxc="info:lc/xmlns/marcxchange-v2" format="INTERMARC" id="ark:/12148/cb145094465" type="Authority">   <mxc:leader>00323c1 ac2200027   45  </mxc:leader>   <mxc:controlfield tag="001">FRBNF145094464</mxc:controlfield>   <mxc:controlfield tag="003">http://catalogue.bnf.fr/ark:/12148/cb145094465</mxc:controlfield>   <mxc:controlfield tag="008">031127031127frfre     c6                                   a 1  1</mxc:controlfield>   <mxc:datafield tag="045" ind1=" " ind2=" ">      <mxc:subfield code="a">a</mxc:subfield>   </mxc:datafield>   <mxc:datafield tag="110" ind1=" " ind2=" ">      <mxc:subfield code="w">20  b     </mxc:subfield>      <mxc:subfield code="a">Des signes graphiques</mxc:subfield>   </mxc:datafield>   <mxc:datafield tag="600" ind1=" " ind2=" ">      <mxc:subfield code="a">Conception graphique</mxc:subfield>   </mxc:datafield>   <mxc:datafield tag="610" ind1=" " ind2=" ">      <mxc:subfield code="a">Écrivains et conteurs [Ressource électronique] / Bibliothèque nationale de France. Bibliothèque nationale de France, 2002</mxc:subfield>   </mxc:datafield>
</mxc:record>      </srw:recordData>
<srw:recordIdentifier>ark:/12148/cb145094465</srw:recordIdentifier>
<srw:recordPosition>15</srw:recordPosition>
<srw:extraRecordData>
<ixm:attr name="CreationDate">20031127</ixm:attr>
<ixm:attr name="LastModificationDate">20091118</ixm:attr>
<mn:score>6.645475</mn:score>
</srw:extraRecordData>
</srw:record>