
<srw:record>
<srw:recordSchema>marcxchange</srw:recordSchema>
<srw:recordPacking>xml</srw:recordPacking>
<srw:recordData>
<mxc:record xmlns:mxc="info:lc/xmlns/marcxchange-v2" format="INTERMARC" id="ark:/12148/cb11985998r" type="Authority">   <mxc:leader>00380c0 ac2200027   45  </mxc:leader>   <mxc:controlfield tag="001">FRBNF119859984</mxc:controlfield>   <mxc:controlfield tag="003">http://catalogue.bnf.fr/ark:/12148/cb11985998r</mxc:controlfield>   <mxc:controlfield tag="008">850911090724frfre     b1p                      ..........  a 1   </mxc:controlfield>   <mxc:datafield tag="045" ind1=" " ind2=" ">      <mxc:subfield code="a">a</mxc:subfield>   </mxc:datafield>   <mxc:datafield tag="110" ind1=" " ind2=" ">      <mxc:subfield code="w">20..b.....</mxc:subfield>      <mxc:subfield code="a">Imprimerie nationale</mxc:subfield>      <mxc:subfield code="c">France</mxc:subfield>      <mxc:subfield code="q">1870-...</mxc:subfield>      <mxc:subfield code="b">Bibliothèque du personnel</mxc:subfield>   </mxc:datafield>   <mxc:datafield tag="410" ind1=" " ind2=" ">      <mxc:subfield code="w">....b....1</mxc:subfield>      <mxc:subfield code="a">Bibliothèque du personnel de l'Imprimerie nationale</mxc:subfield>      <mxc:subfield code="c">Paris</mxc:subfield>   </mxc:datafield>   <mxc:datafield tag="610" ind1=" " ind2=" ">      <mxc:subfield code="a">Catalogue bibliothèque du personnel, 1985</mxc:subfield>   </mxc:datafield>   <mxc:datafield tag="907" ind1=" " ind2=" ">      <mxc:subfield code="o">GEA</mxc:subfield>      <mxc:subfield code="a">001198268</mxc:subfield>   </mxc:datafield>   <mxc:datafield tag="917" ind1=" " ind2=" ">      <mxc:subfield code="o">OPL</mxc:subfield>      <mxc:subfield code="a">002245621</mxc:subfield>   </mxc:datafield>
</mxc:record>      </srw:recordData>
<srw:recordIdentifier>ark:/12148/cb11985998r</srw:recordIdentifier>
<srw:recordPosition>16</srw:recordPosition>
<srw:extraRecordData>
<ixm:attr name="CreationDate">19850911</ixm:attr>
<ixm:attr name="LastModificationDate">20090724</ixm:attr>
<mn:score>6.594564</mn:score>
</srw:extraRecordData>
</srw:record>