
<srw:record>
<srw:recordSchema>marcxchange</srw:recordSchema>
<srw:recordPacking>xml</srw:recordPacking>
<srw:recordData>
<mxc:record xmlns:mxc="info:lc/xmlns/marcxchange-v2" format="INTERMARC" id="ark:/12148/cb122604573" type="Authority">   <mxc:leader>00675c0 ac2200027   45  </mxc:leader>   <mxc:controlfield tag="001">FRBNF122604577</mxc:controlfield>   <mxc:controlfield tag="003">http://catalogue.bnf.fr/ark:/12148/cb122604573</mxc:controlfield>   <mxc:controlfield tag="008">920827081029frfre     b1    1871               ..........  a 1   </mxc:controlfield>   <mxc:datafield tag="045" ind1=" " ind2=" ">      <mxc:subfield code="a">a</mxc:subfield>   </mxc:datafield>   <mxc:datafield tag="110" ind1=" " ind2=" ">      <mxc:subfield code="w">20..b.....</mxc:subfield>      <mxc:subfield code="a">Fondation nationale des sciences politiques</mxc:subfield>      <mxc:subfield code="c">France</mxc:subfield>      <mxc:subfield code="b">Bibliothèque</mxc:subfield>   </mxc:datafield>   <mxc:datafield tag="410" ind1=" " ind2=" ">      <mxc:subfield code="w">....b.....</mxc:subfield>      <mxc:subfield code="a">Fondation nationale des sciences politiques</mxc:subfield>      <mxc:subfield code="c">France</mxc:subfield>      <mxc:subfield code="b">Services centraux de documentation</mxc:subfield>      <mxc:subfield code="b">Bibliothèque</mxc:subfield>   </mxc:datafield>   <mxc:datafield tag="410" ind1=" " ind2=" ">      <mxc:subfield code="w">....b....1</mxc:subfield>      <mxc:subfield code="a">Bibliothèque de la Fondation nationale des sciences politiques</mxc:subfield>      <mxc:subfield code="c">Paris</mxc:subfield>   </mxc:datafield>   <mxc:datafield tag="605" ind1=" " ind2=" ">      <mxc:subfield code="b">27 rue Saint-Guillaume</mxc:subfield>      <mxc:subfield code="c">75341</mxc:subfield>      <mxc:subfield code="d">Paris Cedex 07</mxc:subfield>   </mxc:datafield>   <mxc:datafield tag="606" ind1=" " ind2=" ">      <mxc:subfield code="u">http://bibliotheque.sciences-po.fr</mxc:subfield>      <mxc:subfield code="d">2007-10-03</mxc:subfield>   </mxc:datafield>   <mxc:datafield tag="610" ind1=" " ind2=" ">      <mxc:subfield code="a">Rép. des bib. et org. de doc., 1971</mxc:subfield>      <mxc:subfield code="a">Rép. des bib. spéc. fr., 1994</mxc:subfield>   </mxc:datafield>   <mxc:datafield tag="907" ind1=" " ind2=" ">      <mxc:subfield code="o">GEA</mxc:subfield>      <mxc:subfield code="a">003695411</mxc:subfield>   </mxc:datafield>   <mxc:datafield tag="917" ind1=" " ind2=" ">      <mxc:subfield code="o">OPL</mxc:subfield>      <mxc:subfield code="a">008319295</mxc:subfield>   </mxc:datafield>   <mxc:datafield tag="996" ind1=" " ind2=" ">      <mxc:subfield code="o">OPP</mxc:subfield>      <mxc:subfield code="a">13149143</mxc:subfield>      <mxc:subfield code="d">20071003</mxc:subfield>   </mxc:datafield>
</mxc:record>      </srw:recordData>
<srw:recordIdentifier>ark:/12148/cb122604573</srw:recordIdentifier>
<srw:recordPosition>17</srw:recordPosition>
<srw:extraRecordData>
<ixm:attr name="CreationDate">19920827</ixm:attr>
<ixm:attr name="LastModificationDate">20081029</ixm:attr>
<mn:score>6.5917573</mn:score>
</srw:extraRecordData>
</srw:record>