
<srw:record>
<srw:recordSchema>marcxchange</srw:recordSchema>
<srw:recordPacking>xml</srw:recordPacking>
<srw:recordData>
<mxc:record xmlns:mxc="info:lc/xmlns/marcxchange-v2" format="INTERMARC" id="ark:/12148/cb165963825" type="Authority">   <mxc:leader>00497c1 ac2200027   45  </mxc:leader>   <mxc:controlfield tag="001">FRBNF165963828</mxc:controlfield>   <mxc:controlfield tag="003">http://catalogue.bnf.fr/ark:/12148/cb165963825</mxc:controlfield>   <mxc:controlfield tag="008">120511120515frfre     b1p                                    210 </mxc:controlfield>   <mxc:datafield tag="110" ind1=" " ind2=" ">      <mxc:subfield code="w">20..b.....</mxc:subfield>      <mxc:subfield code="a">Bibliothèque nationale de France</mxc:subfield>      <mxc:subfield code="b">Service des expositions</mxc:subfield>   </mxc:datafield>   <mxc:datafield tag="410" ind1=" " ind2=" ">      <mxc:subfield code="w">....b.....</mxc:subfield>      <mxc:subfield code="a">Bibliothèque nationale de France</mxc:subfield>      <mxc:subfield code="b">Délégation à la Diffusion Culturelle</mxc:subfield>      <mxc:subfield code="b">Service des expositions</mxc:subfield>   </mxc:datafield>   <mxc:datafield tag="610" ind1=" " ind2=" ">      <mxc:subfield code="a">Entretiens avec Michel Brunet [Enregistrement sonore] : entretiens des 6 et 7 juillet 2004 / Marie-Odile Illiano, Jean-Yves Sarazin, interview. Bibliothèque nationale de France, 2004</mxc:subfield>   </mxc:datafield>
</mxc:record>      </srw:recordData>
<srw:recordIdentifier>ark:/12148/cb165963825</srw:recordIdentifier>
<srw:recordPosition>18</srw:recordPosition>
<srw:extraRecordData>
<ixm:attr name="CreationDate">20120511</ixm:attr>
<ixm:attr name="LastModificationDate">20120515</ixm:attr>
<mn:score>6.5470366</mn:score>
</srw:extraRecordData>
</srw:record>