
<srw:record>
<srw:recordSchema>marcxchange</srw:recordSchema>
<srw:recordPacking>xml</srw:recordPacking>
<srw:recordData>
<mxc:record xmlns:mxc="info:lc/xmlns/marcxchange-v2" format="INTERMARC" id="ark:/12148/cb15006338t" type="Authority">   <mxc:leader>00418c0 ac2200027   45  </mxc:leader>   <mxc:controlfield tag="001">FRBNF150063381</mxc:controlfield>   <mxc:controlfield tag="003">http://catalogue.bnf.fr/ark:/12148/cb15006338t</mxc:controlfield>   <mxc:controlfield tag="008">050920070614frfre     b1p   1998                           a 010 </mxc:controlfield>   <mxc:datafield tag="045" ind1=" " ind2=" ">      <mxc:subfield code="a">a</mxc:subfield>   </mxc:datafield>   <mxc:datafield tag="110" ind1=" " ind2=" ">      <mxc:subfield code="w">20..b.... </mxc:subfield>      <mxc:subfield code="a">Bibliothèque nationale de France</mxc:subfield>      <mxc:subfield code="b">Direction des collections</mxc:subfield>   </mxc:datafield>   <mxc:datafield tag="605" ind1=" " ind2=" ">      <mxc:subfield code="b">Quai François-Mauriac</mxc:subfield>      <mxc:subfield code="c">75706</mxc:subfield>      <mxc:subfield code="d">Paris Cedex 13</mxc:subfield>   </mxc:datafield>   <mxc:datafield tag="610" ind1=" " ind2=" ">      <mxc:subfield code="a">Charte documentaire des acquisitions de la Bibliothèque nationale de France /  Bibliothèque nationale de France, Direction des collections, 2005</mxc:subfield>   </mxc:datafield>   <mxc:datafield tag="624" ind1=" " ind2=" ">      <mxc:subfield code="a">020</mxc:subfield>   </mxc:datafield>
</mxc:record>      </srw:recordData>
<srw:recordIdentifier>ark:/12148/cb15006338t</srw:recordIdentifier>
<srw:recordPosition>19</srw:recordPosition>
<srw:extraRecordData>
<ixm:attr name="CreationDate">20050920</ixm:attr>
<ixm:attr name="LastModificationDate">20070614</ixm:attr>
<mn:score>6.5470366</mn:score>
</srw:extraRecordData>
</srw:record>