
<srw:record>
<srw:recordSchema>marcxchange</srw:recordSchema>
<srw:recordPacking>xml</srw:recordPacking>
<srw:recordData>
<mxc:record xmlns:mxc="info:lc/xmlns/marcxchange-v2" format="INTERMARC" id="ark:/12148/cb12262485t" type="Authority">   <mxc:leader>00514c0 ac2200027   45  </mxc:leader>   <mxc:controlfield tag="001">FRBNF122624850</mxc:controlfield>   <mxc:controlfield tag="003">http://catalogue.bnf.fr/ark:/12148/cb12262485t</mxc:controlfield>   <mxc:controlfield tag="008">920915070911frfre     b1                       ..........  a 1   </mxc:controlfield>   <mxc:datafield tag="045" ind1=" " ind2=" ">      <mxc:subfield code="a">a</mxc:subfield>   </mxc:datafield>   <mxc:datafield tag="110" ind1=" " ind2=" ">      <mxc:subfield code="w">20..b.....</mxc:subfield>      <mxc:subfield code="a">Société nationale des sciences naturelles et mathématiques de Cherbourg</mxc:subfield>      <mxc:subfield code="b">Bibliothèque</mxc:subfield>   </mxc:datafield>   <mxc:datafield tag="410" ind1=" " ind2=" ">      <mxc:subfield code="w">....b....1</mxc:subfield>      <mxc:subfield code="a">Bibliothèque de la Société nationale des sciences naturelles et mathématiques</mxc:subfield>      <mxc:subfield code="c">Cherbourg</mxc:subfield>   </mxc:datafield>   <mxc:datafield tag="610" ind1=" " ind2=" ">      <mxc:subfield code="a">Catalogue de la Bibliothèque de la Société nationale des sciences naturelles de Cherbourg, 1870</mxc:subfield>   </mxc:datafield>   <mxc:datafield tag="907" ind1=" " ind2=" ">      <mxc:subfield code="o">GEA</mxc:subfield>      <mxc:subfield code="a">00371318X</mxc:subfield>   </mxc:datafield>   <mxc:datafield tag="917" ind1=" " ind2=" ">      <mxc:subfield code="o">OPL</mxc:subfield>      <mxc:subfield code="a">008344882</mxc:subfield>   </mxc:datafield>
</mxc:record>      </srw:recordData>
<srw:recordIdentifier>ark:/12148/cb12262485t</srw:recordIdentifier>
<srw:recordPosition>21</srw:recordPosition>
<srw:extraRecordData>
<ixm:attr name="CreationDate">19920915</ixm:attr>
<ixm:attr name="LastModificationDate">20070911</ixm:attr>
<mn:score>6.4601483</mn:score>
</srw:extraRecordData>
</srw:record>