
<srw:record>
<srw:recordSchema>marcxchange</srw:recordSchema>
<srw:recordPacking>xml</srw:recordPacking>
<srw:recordData>
<mxc:record xmlns:mxc="info:lc/xmlns/marcxchange-v2" format="INTERMARC" id="ark:/12148/cb17076542b" type="Authority">   <mxc:leader>00432c1 ac2200027   45  </mxc:leader>   <mxc:controlfield tag="001">FRBNF170765424</mxc:controlfield>   <mxc:controlfield tag="003">http://catalogue.bnf.fr/ark:/12148/cb17076542b</mxc:controlfield>   <mxc:controlfield tag="008">161004230821frfre    1a8                                   a 1   </mxc:controlfield>   <mxc:datafield tag="045" ind1=" " ind2=" ">      <mxc:subfield code="a">a</mxc:subfield>   </mxc:datafield>   <mxc:datafield tag="110" ind1=" " ind2=" ">      <mxc:subfield code="w">20..b.....</mxc:subfield>      <mxc:subfield code="a">Société nationale d'horticulture de France</mxc:subfield>      <mxc:subfield code="b">Journée d'étude de la bibliothèque</mxc:subfield>   </mxc:datafield>   <mxc:datafield tag="410" ind1=" " ind2=" ">      <mxc:subfield code="w">....b.....</mxc:subfield>      <mxc:subfield code="a">Journée d'étude de la bibliothèque de la SNHF</mxc:subfield>   </mxc:datafield>   <mxc:datafield tag="410" ind1=" " ind2=" ">      <mxc:subfield code="w">....b.....</mxc:subfield>      <mxc:subfield code="a">Société nationale d'horticulture de France</mxc:subfield>      <mxc:subfield code="b">Bibliothèque</mxc:subfield>      <mxc:subfield code="b">Journée d'étude</mxc:subfield>   </mxc:datafield>   <mxc:datafield tag="610" ind1=" " ind2=" ">      <mxc:subfield code="a">Les jardins, 2016</mxc:subfield>      <mxc:subfield code="a">Fenêtre sur jardins, 2020</mxc:subfield>   </mxc:datafield>
</mxc:record>      </srw:recordData>
<srw:recordIdentifier>ark:/12148/cb17076542b</srw:recordIdentifier>
<srw:recordPosition>22</srw:recordPosition>
<srw:extraRecordData>
<ixm:attr name="CreationDate">20161004</ixm:attr>
<ixm:attr name="LastModificationDate">20230821</ixm:attr>
<mn:score>6.451156</mn:score>
</srw:extraRecordData>
</srw:record>