
<srw:record>
<srw:recordSchema>marcxchange</srw:recordSchema>
<srw:recordPacking>xml</srw:recordPacking>
<srw:recordData>
<mxc:record xmlns:mxc="info:lc/xmlns/marcxchange-v2" format="INTERMARC" id="ark:/12148/cb11881679h" type="Authority">   <mxc:leader>00863c0 ac2200027   45  </mxc:leader>   <mxc:controlfield tag="001">FRBNF118816791</mxc:controlfield>   <mxc:controlfield tag="003">http://catalogue.bnf.fr/ark:/12148/cb11881679h</mxc:controlfield>   <mxc:controlfield tag="008">850128130212frfre     v7    19840112  19940120 ..........  a 1   </mxc:controlfield>   <mxc:datafield tag="045" ind1=" " ind2=" ">      <mxc:subfield code="a">a</mxc:subfield>   </mxc:datafield>   <mxc:datafield tag="110" ind1=" " ind2=" ">      <mxc:subfield code="w">20..b.....</mxc:subfield>      <mxc:subfield code="a">Association du personnel de la Bibliothèque nationale</mxc:subfield>      <mxc:subfield code="c">France</mxc:subfield>   </mxc:datafield>   <mxc:datafield tag="301" ind1="2" ind2=" ">      <mxc:subfield code="r">Après le 20 janvier 1994, voir</mxc:subfield>      <mxc:subfield code="3">12383799</mxc:subfield>      <mxc:subfield code="w">.0..b.....</mxc:subfield>      <mxc:subfield code="a">Association du personnel de la Bibliothèque nationale de France</mxc:subfield>   </mxc:datafield>   <mxc:datafield tag="410" ind1=" " ind2=" ">      <mxc:subfield code="w">....b.....</mxc:subfield>      <mxc:subfield code="a">APBN</mxc:subfield>   </mxc:datafield>   <mxc:datafield tag="600" ind1=" " ind2=" ">      <mxc:subfield code="a">Issue de la dissolution de la Société d'entr'aide de la Bibliothèque nationale. En 1994, fusionne avec l'Association du personnel de la Bibliothèque d̲e̲ F̲r̲a̲n̲c̲e̲, pour former l'Association du personnel de la Bibliothèque n̲a̲t̲i̲o̲n̲a̲l̲e̲ d̲e̲ F̲r̲a̲n̲c̲e̲</mxc:subfield>   </mxc:datafield>   <mxc:datafield tag="605" ind1=" " ind2=" ">      <mxc:subfield code="a">58 rue de Richelieu, 75002 Paris</mxc:subfield>   </mxc:datafield>   <mxc:datafield tag="610" ind1=" " ind2=" ">      <mxc:subfield code="a">Bulletin d'information</mxc:subfield>   </mxc:datafield>   <mxc:datafield tag="907" ind1=" " ind2=" ">      <mxc:subfield code="o">GEA</mxc:subfield>      <mxc:subfield code="a">000164245</mxc:subfield>   </mxc:datafield>   <mxc:datafield tag="917" ind1=" " ind2=" ">      <mxc:subfield code="o">OPL</mxc:subfield>      <mxc:subfield code="a">000312893</mxc:subfield>   </mxc:datafield>   <mxc:datafield tag="919" ind1=" " ind2=" ">      <mxc:subfield code="p">BN</mxc:subfield>      <mxc:subfield code="o">CNA</mxc:subfield>      <mxc:subfield code="a">00031475</mxc:subfield>   </mxc:datafield>
</mxc:record>      </srw:recordData>
<srw:recordIdentifier>ark:/12148/cb11881679h</srw:recordIdentifier>
<srw:recordPosition>23</srw:recordPosition>
<srw:extraRecordData>
<ixm:attr name="CreationDate">19850622</ixm:attr>
<ixm:attr name="LastModificationDate">20130212</ixm:attr>
<mn:score>6.4256835</mn:score>
</srw:extraRecordData>
</srw:record>