
<srw:record>
<srw:recordSchema>marcxchange</srw:recordSchema>
<srw:recordPacking>xml</srw:recordPacking>
<srw:recordData>
<mxc:record xmlns:mxc="info:lc/xmlns/marcxchange-v2" format="INTERMARC" id="ark:/12148/cb14503839j" type="Authority">   <mxc:leader>00408c1 ac2200027   45  </mxc:leader>   <mxc:controlfield tag="001">FRBNF145038394</mxc:controlfield>   <mxc:controlfield tag="003">http://catalogue.bnf.fr/ark:/12148/cb14503839j</mxc:controlfield>   <mxc:controlfield tag="008">031030031030frfre     c6                                   a 1  1</mxc:controlfield>   <mxc:datafield tag="045" ind1=" " ind2=" ">      <mxc:subfield code="a">a</mxc:subfield>   </mxc:datafield>   <mxc:datafield tag="110" ind1=" " ind2=" ">      <mxc:subfield code="w">20  b     </mxc:subfield>      <mxc:subfield code="a">Agence de communication interactive</mxc:subfield>   </mxc:datafield>   <mxc:datafield tag="410" ind1=" " ind2=" ">      <mxc:subfield code="w">    b     </mxc:subfield>      <mxc:subfield code="a">ACI</mxc:subfield>   </mxc:datafield>   <mxc:datafield tag="600" ind1=" " ind2=" ">      <mxc:subfield code="a">Fait partie du Groupe France Telecom</mxc:subfield>   </mxc:datafield>   <mxc:datafield tag="610" ind1=" " ind2=" ">      <mxc:subfield code="a">L'aventure des écritures [Ressource électronique] / Bibliothèque nationale de France. Bibliothèque nationale de France, Réunion des musées nationaux, 2003</mxc:subfield>   </mxc:datafield>
</mxc:record>      </srw:recordData>
<srw:recordIdentifier>ark:/12148/cb14503839j</srw:recordIdentifier>
<srw:recordPosition>24</srw:recordPosition>
<srw:extraRecordData>
<ixm:attr name="CreationDate">20031030</ixm:attr>
<ixm:attr name="LastModificationDate">20091118</ixm:attr>
<mn:score>6.415129</mn:score>
</srw:extraRecordData>
</srw:record>