
<srw:record>
<srw:recordSchema>marcxchange</srw:recordSchema>
<srw:recordPacking>xml</srw:recordPacking>
<srw:recordData>
<mxc:record xmlns:mxc="info:lc/xmlns/marcxchange-v2" format="INTERMARC" id="ark:/12148/cb12456385n" type="Authority">   <mxc:leader>00951c1 ac2200027   45  </mxc:leader>   <mxc:controlfield tag="001">FRBNF124563855</mxc:controlfield>   <mxc:controlfield tag="003">http://catalogue.bnf.fr/ark:/12148/cb12456385n</mxc:controlfield>   <mxc:controlfield tag="008">950406070912frfre     b1p   19940103           ..........  a 010 </mxc:controlfield>   <mxc:datafield tag="031" ind1=" " ind2=" ">      <mxc:subfield code="a">0000000121658854</mxc:subfield>      <mxc:subfield code="2">ISNI</mxc:subfield>      <mxc:subfield code="d">20131217</mxc:subfield>   </mxc:datafield>   <mxc:datafield tag="045" ind1=" " ind2=" ">      <mxc:subfield code="a">a</mxc:subfield>   </mxc:datafield>   <mxc:datafield tag="110" ind1=" " ind2=" ">      <mxc:subfield code="w">20..b.....</mxc:subfield>      <mxc:subfield code="a">Bibliothèque nationale de France</mxc:subfield>      <mxc:subfield code="b">Département des estampes et de la photographie</mxc:subfield>   </mxc:datafield>   <mxc:datafield tag="301" ind1="1" ind2=" ">      <mxc:subfield code="r">Avant 1994, voir</mxc:subfield>      <mxc:subfield code="3">11862473</mxc:subfield>      <mxc:subfield code="w">20..b.....</mxc:subfield>      <mxc:subfield code="a">Bibliothèque nationale</mxc:subfield>      <mxc:subfield code="c">France</mxc:subfield>      <mxc:subfield code="b">Département des estampes et de la photographie</mxc:subfield>   </mxc:datafield>   <mxc:datafield tag="410" ind1=" " ind2=" ">      <mxc:subfield code="w">....b.....</mxc:subfield>      <mxc:subfield code="a">Cabinet des estampes</mxc:subfield>      <mxc:subfield code="c">Paris</mxc:subfield>   </mxc:datafield>   <mxc:datafield tag="410" ind1=" " ind2=" ">      <mxc:subfield code="w">....b.....</mxc:subfield>      <mxc:subfield code="a">Bibliothèque nationale de France</mxc:subfield>      <mxc:subfield code="b">Département des estampes</mxc:subfield>   </mxc:datafield>   <mxc:datafield tag="410" ind1=" " ind2=" ">      <mxc:subfield code="w">....b.....</mxc:subfield>      <mxc:subfield code="a">Bibliothèque nationale de France</mxc:subfield>      <mxc:subfield code="b">Cabinet des estampes</mxc:subfield>   </mxc:datafield>   <mxc:datafield tag="410" ind1=" " ind2=" ">      <mxc:subfield code="w">....b.....</mxc:subfield>      <mxc:subfield code="a">Bibliothèque nationale de France</mxc:subfield>      <mxc:subfield code="b">Direction des collections spécialisées</mxc:subfield>      <mxc:subfield code="b">Département des estampes et de la photographie</mxc:subfield>   </mxc:datafield>   <mxc:datafield tag="610" ind1=" " ind2=" ">      <mxc:subfield code="a">Ukiyo-e : le monde éphémère et flottant des estampes du Japon au XVIIIe siècle, 1994</mxc:subfield>   </mxc:datafield>   <mxc:datafield tag="907" ind1=" " ind2=" ">      <mxc:subfield code="o">GEA</mxc:subfield>      <mxc:subfield code="a">000631108</mxc:subfield>      <mxc:subfield code="b">AMA</mxc:subfield>   </mxc:datafield>   <mxc:datafield tag="907" ind1=" " ind2=" ">      <mxc:subfield code="o">GEA</mxc:subfield>      <mxc:subfield code="a">006001116</mxc:subfield>      <mxc:subfield code="b">ACO</mxc:subfield>   </mxc:datafield>   <mxc:datafield tag="917" ind1=" " ind2=" ">      <mxc:subfield code="o">OPL</mxc:subfield>      <mxc:subfield code="a">001638123</mxc:subfield>      <mxc:subfield code="b">AMA</mxc:subfield>   </mxc:datafield>   <mxc:datafield tag="917" ind1=" " ind2=" ">      <mxc:subfield code="o">OPL</mxc:subfield>      <mxc:subfield code="a">011096596</mxc:subfield>      <mxc:subfield code="b">ACO</mxc:subfield>   </mxc:datafield>   <mxc:datafield tag="917" ind1=" " ind2=" ">      <mxc:subfield code="o">OPB</mxc:subfield>      <mxc:subfield code="a">100311350</mxc:subfield>   </mxc:datafield>
</mxc:record>      </srw:recordData>
<srw:recordIdentifier>ark:/12148/cb12456385n</srw:recordIdentifier>
<srw:recordPosition>25</srw:recordPosition>
<srw:extraRecordData>
<ixm:attr name="CreationDate">19950406</ixm:attr>
<ixm:attr name="LastModificationDate">20131217</ixm:attr>
<mn:score>6.3881507</mn:score>
</srw:extraRecordData>
</srw:record>