
<srw:record>
<srw:recordSchema>marcxchange</srw:recordSchema>
<srw:recordPacking>xml</srw:recordPacking>
<srw:recordData>
<mxc:record xmlns:mxc="info:lc/xmlns/marcxchange-v2" format="INTERMARC" id="ark:/12148/cb13505758w" type="Authority">   <mxc:leader>01909c0 ac2200027   45  </mxc:leader>   <mxc:controlfield tag="001">FRBNF135057581</mxc:controlfield>   <mxc:controlfield tag="003">http://catalogue.bnf.fr/ark:/12148/cb13505758w</mxc:controlfield>   <mxc:controlfield tag="008">990127100225frfre     b1    17960304                       a 010 </mxc:controlfield>   <mxc:datafield tag="045" ind1=" " ind2=" ">      <mxc:subfield code="a">a</mxc:subfield>   </mxc:datafield>   <mxc:datafield tag="110" ind1=" " ind2=" ">      <mxc:subfield code="w">20..b.....</mxc:subfield>      <mxc:subfield code="a">Bibliothèque de l'Assemblée nationale</mxc:subfield>      <mxc:subfield code="c">Paris</mxc:subfield>   </mxc:datafield>   <mxc:datafield tag="410" ind1=" " ind2=" ">      <mxc:subfield code="w">....b.....</mxc:subfield>      <mxc:subfield code="a">Bibliothèque du Corps législatif</mxc:subfield>      <mxc:subfield code="c">France</mxc:subfield>   </mxc:datafield>   <mxc:datafield tag="410" ind1=" " ind2=" ">      <mxc:subfield code="w">....b.....</mxc:subfield>      <mxc:subfield code="a">France</mxc:subfield>      <mxc:subfield code="b">Chambre des députés</mxc:subfield>      <mxc:subfield code="q">1814-1848</mxc:subfield>      <mxc:subfield code="b">Bibliothèque</mxc:subfield>   </mxc:datafield>   <mxc:datafield tag="410" ind1=" " ind2=" ">      <mxc:subfield code="w">.. .b.....</mxc:subfield>      <mxc:subfield code="a">France</mxc:subfield>      <mxc:subfield code="b">Chambre des députés</mxc:subfield>      <mxc:subfield code="q">1876-1942</mxc:subfield>      <mxc:subfield code="b">Bibliothèque</mxc:subfield>   </mxc:datafield>   <mxc:datafield tag="410" ind1=" " ind2=" ">      <mxc:subfield code="w">....b.....</mxc:subfield>      <mxc:subfield code="a">France</mxc:subfield>      <mxc:subfield code="b">Assemblée nationale</mxc:subfield>      <mxc:subfield code="q">1958-....</mxc:subfield>      <mxc:subfield code="b">Bibliothèque</mxc:subfield>   </mxc:datafield>   <mxc:datafield tag="410" ind1=" " ind2=" ">      <mxc:subfield code="w">....b.....</mxc:subfield>      <mxc:subfield code="a">France</mxc:subfield>      <mxc:subfield code="b">Assemblée nationale</mxc:subfield>      <mxc:subfield code="q">1958-....</mxc:subfield>      <mxc:subfield code="b">Service de la bibliothèque</mxc:subfield>   </mxc:datafield>   <mxc:datafield tag="410" ind1=" " ind2=" ">      <mxc:subfield code="w">....b.....</mxc:subfield>      <mxc:subfield code="a">Bibliothèque de l'Assemblée nationale</mxc:subfield>      <mxc:subfield code="c">France</mxc:subfield>   </mxc:datafield>   <mxc:datafield tag="410" ind1=" " ind2=" ">      <mxc:subfield code="w">....b.....</mxc:subfield>      <mxc:subfield code="a">Bibliothèque du Palais Bourbon</mxc:subfield>      <mxc:subfield code="c">France</mxc:subfield>   </mxc:datafield>   <mxc:datafield tag="410" ind1=" " ind2=" ">      <mxc:subfield code="w">....b.....</mxc:subfield>      <mxc:subfield code="a">Bibliothèque de la Chambre des députés</mxc:subfield>      <mxc:subfield code="q">1876-1942</mxc:subfield>      <mxc:subfield code="c">Paris</mxc:subfield>   </mxc:datafield>   <mxc:datafield tag="600" ind1=" " ind2=" ">      <mxc:subfield code="a">Fondée le 4 mars 1796 à partir des confiscations révolutionnaires</mxc:subfield>   </mxc:datafield>   <mxc:datafield tag="600" ind1=" " ind2=" ">      <mxc:subfield code="a">Origine de la bibliothèque remonte aux Conseils des Anciens et des Cinq-Cents</mxc:subfield>      <mxc:subfield code="a">Collection générale regroupée au Palais-Bourbon avec plus de 1500 volumes de manuscrits de tous genres</mxc:subfield>   </mxc:datafield>   <mxc:datafield tag="605" ind1=" " ind2=" ">      <mxc:subfield code="b">126 rue de l'Université</mxc:subfield>      <mxc:subfield code="c">75355</mxc:subfield>      <mxc:subfield code="d">Paris 07 SP</mxc:subfield>   </mxc:datafield>   <mxc:datafield tag="610" ind1=" " ind2=" ">      <mxc:subfield code="u">http://www.assemblee-nationale.fr/histoire/bibliotheque-histoire.asp</mxc:subfield>      <mxc:subfield code="d">2009-12-29</mxc:subfield>   </mxc:datafield>   <mxc:datafield tag="610" ind1=" " ind2=" ">      <mxc:subfield code="a">BA 2009</mxc:subfield>      <mxc:subfield code="a">Bibliothèque de l'Assemblée Nationale, 2004</mxc:subfield>      <mxc:subfield code="a">CCFr, 2009-12-29</mxc:subfield>      <mxc:subfield code="a">Réper. des bibl. et organ. de doc., 1971</mxc:subfield>      <mxc:subfield code="a">World guide to libr., 2008</mxc:subfield>   </mxc:datafield>   <mxc:datafield tag="610" ind1=" " ind2=" ">      <mxc:subfield code="a">Catalogue général des manuscrits des bibliothèques publiques de France : Chambre des députés / par E. Coyecque et H. Debraye, 1907</mxc:subfield>   </mxc:datafield>   <mxc:datafield tag="624" ind1=" " ind2=" ">      <mxc:subfield code="a">020</mxc:subfield>   </mxc:datafield>   <mxc:datafield tag="907" ind1=" " ind2=" ">      <mxc:subfield code="o">GEA</mxc:subfield>      <mxc:subfield code="a">008380070</mxc:subfield>   </mxc:datafield>   <mxc:datafield tag="917" ind1=" " ind2=" ">      <mxc:subfield code="o">OPL</mxc:subfield>      <mxc:subfield code="a">014236701</mxc:subfield>   </mxc:datafield>   <mxc:datafield tag="917" ind1=" " ind2=" ">      <mxc:subfield code="o">OPL</mxc:subfield>      <mxc:subfield code="a">001575954</mxc:subfield>      <mxc:subfield code="b">AMA</mxc:subfield>   </mxc:datafield>   <mxc:datafield tag="917" ind1=" " ind2=" ">      <mxc:subfield code="o">OPL</mxc:subfield>      <mxc:subfield code="a">003885072</mxc:subfield>      <mxc:subfield code="b">ACO</mxc:subfield>   </mxc:datafield>   <mxc:datafield tag="917" ind1=" " ind2=" ">      <mxc:subfield code="o">OPL</mxc:subfield>      <mxc:subfield code="a">001575954</mxc:subfield>      <mxc:subfield code="b">AMA</mxc:subfield>   </mxc:datafield>   <mxc:datafield tag="917" ind1=" " ind2=" ">      <mxc:subfield code="o">OPL</mxc:subfield>      <mxc:subfield code="a">003885072</mxc:subfield>      <mxc:subfield code="b">ACO</mxc:subfield>   </mxc:datafield>   <mxc:datafield tag="996" ind1=" " ind2=" ">      <mxc:subfield code="o">OPP</mxc:subfield>      <mxc:subfield code="a">11729675</mxc:subfield>      <mxc:subfield code="d">20091119</mxc:subfield>   </mxc:datafield>   <mxc:datafield tag="996" ind1=" " ind2=" ">      <mxc:subfield code="o">OPP</mxc:subfield>      <mxc:subfield code="a">12062067</mxc:subfield>      <mxc:subfield code="d">20091229</mxc:subfield>   </mxc:datafield>   <mxc:datafield tag="996" ind1=" " ind2=" ">      <mxc:subfield code="o">OPP</mxc:subfield>      <mxc:subfield code="a">13137753</mxc:subfield>      <mxc:subfield code="d">20071029</mxc:subfield>   </mxc:datafield>   <mxc:datafield tag="996" ind1=" " ind2=" ">      <mxc:subfield code="o">OPP</mxc:subfield>      <mxc:subfield code="a">13157983</mxc:subfield>      <mxc:subfield code="d">20071109</mxc:subfield>   </mxc:datafield>   <mxc:datafield tag="996" ind1=" " ind2=" ">      <mxc:subfield code="o">OPP</mxc:subfield>      <mxc:subfield code="a">13157984</mxc:subfield>      <mxc:subfield code="d">20071109</mxc:subfield>   </mxc:datafield>   <mxc:datafield tag="996" ind1=" " ind2=" ">      <mxc:subfield code="o">OPP</mxc:subfield>      <mxc:subfield code="a">11671379</mxc:subfield>      <mxc:subfield code="d">20100222</mxc:subfield>   </mxc:datafield>   <mxc:datafield tag="996" ind1=" " ind2=" ">      <mxc:subfield code="o">OPP</mxc:subfield>      <mxc:subfield code="a">12062067</mxc:subfield>      <mxc:subfield code="d">20100225</mxc:subfield>   </mxc:datafield>   <mxc:datafield tag="996" ind1=" " ind2=" ">      <mxc:subfield code="o">OPP</mxc:subfield>      <mxc:subfield code="a">13137753</mxc:subfield>      <mxc:subfield code="d">20071029</mxc:subfield>   </mxc:datafield>   <mxc:datafield tag="996" ind1=" " ind2=" ">      <mxc:subfield code="o">OPP</mxc:subfield>      <mxc:subfield code="a">13157983</mxc:subfield>      <mxc:subfield code="d">20071109</mxc:subfield>   </mxc:datafield>   <mxc:datafield tag="996" ind1=" " ind2=" ">      <mxc:subfield code="o">OPP</mxc:subfield>      <mxc:subfield code="a">13157984</mxc:subfield>      <mxc:subfield code="d">20071109</mxc:subfield>   </mxc:datafield>
</mxc:record>      </srw:recordData>
<srw:recordIdentifier>ark:/12148/cb13505758w</srw:recordIdentifier>
<srw:recordPosition>26</srw:recordPosition>
<srw:extraRecordData>
<ixm:attr name="CreationDate">19990127</ixm:attr>
<ixm:attr name="LastModificationDate">20170825</ixm:attr>
<mn:score>6.374147</mn:score>
</srw:extraRecordData>
</srw:record>