
<srw:record>
<srw:recordSchema>marcxchange</srw:recordSchema>
<srw:recordPacking>xml</srw:recordPacking>
<srw:recordData>
<mxc:record xmlns:mxc="info:lc/xmlns/marcxchange-v2" format="INTERMARC" id="ark:/12148/cb16733815s" type="Authority">   <mxc:leader>00653n1 ac2200027   45  </mxc:leader>   <mxc:controlfield tag="001">FRBNF167338152</mxc:controlfield>   <mxc:controlfield tag="003">http://catalogue.bnf.fr/ark:/12148/cb16733815s</mxc:controlfield>   <mxc:controlfield tag="008">140107      frfre       p51 199903                         a 1   </mxc:controlfield>   <mxc:datafield tag="045" ind1=" " ind2=" ">      <mxc:subfield code="a">a</mxc:subfield>   </mxc:datafield>   <mxc:datafield tag="110" ind1=" " ind2=" ">      <mxc:subfield code="w">20..b.....</mxc:subfield>      <mxc:subfield code="a">Comité d'histoire de la Bibliothèque nationale de France</mxc:subfield>   </mxc:datafield>   <mxc:datafield tag="410" ind1=" " ind2=" ">      <mxc:subfield code="w">   .b.....</mxc:subfield>      <mxc:subfield code="a">Comité d'histoire de la BnF</mxc:subfield>      <mxc:subfield code="c">Paris</mxc:subfield>   </mxc:datafield>   <mxc:datafield tag="410" ind1=" " ind2=" ">      <mxc:subfield code="w">   .b.....</mxc:subfield>      <mxc:subfield code="a">Bibliothèque nationale de France</mxc:subfield>      <mxc:subfield code="b">Comité d'histoire</mxc:subfield>   </mxc:datafield>   <mxc:datafield tag="600" ind1=" " ind2=" ">      <mxc:subfield code="a">A pour mission de conserver et mettre en valeur la mémoire de l'établissement</mxc:subfield>   </mxc:datafield>   <mxc:datafield tag="605" ind1=" " ind2=" ">      <mxc:subfield code="b">quai François Mauriac</mxc:subfield>      <mxc:subfield code="c">75706</mxc:subfield>      <mxc:subfield code="d">Paris Cedex 13</mxc:subfield>   </mxc:datafield>   <mxc:datafield tag="606" ind1=" " ind2=" ">      <mxc:subfield code="u">http://www.bnf.fr/fr/la_bnf/histoire_de_la_bnf/a.comite_histoire.html</mxc:subfield>      <mxc:subfield code="d">2014-01-07</mxc:subfield>   </mxc:datafield>   <mxc:datafield tag="610" ind1=" " ind2=" ">      <mxc:subfield code="a">Bibliographie historique de la Bibliothèque nationale de France [Ressource électronique], 2013</mxc:subfield>   </mxc:datafield>
</mxc:record>      </srw:recordData>
<srw:recordIdentifier>ark:/12148/cb16733815s</srw:recordIdentifier>
<srw:recordPosition>28</srw:recordPosition>
<srw:extraRecordData>
<ixm:attr name="CreationDate">20140107</ixm:attr>
<ixm:attr name="LastModificationDate">20140107</ixm:attr>
<mn:score>6.3350368</mn:score>
</srw:extraRecordData>
</srw:record>