
<srw:record>
<srw:recordSchema>marcxchange</srw:recordSchema>
<srw:recordPacking>xml</srw:recordPacking>
<srw:recordData>
<mxc:record xmlns:mxc="info:lc/xmlns/marcxchange-v2" format="INTERMARC" id="ark:/12148/cb12747513w" type="Authority">   <mxc:leader>00441c1 ac2200027   45  </mxc:leader>   <mxc:controlfield tag="001">FRBNF127475136</mxc:controlfield>   <mxc:controlfield tag="003">http://catalogue.bnf.fr/ark:/12148/cb12747513w</mxc:controlfield>   <mxc:controlfield tag="008">900816071008frfre     b1p   1922      1993     ..........  a 1   </mxc:controlfield>   <mxc:datafield tag="045" ind1=" " ind2=" ">      <mxc:subfield code="a">a</mxc:subfield>   </mxc:datafield>   <mxc:datafield tag="110" ind1=" " ind2=" ">      <mxc:subfield code="w">20..b.....</mxc:subfield>      <mxc:subfield code="a">France</mxc:subfield>      <mxc:subfield code="b">Direction de la météorologie nationale</mxc:subfield>      <mxc:subfield code="b">Documentation</mxc:subfield>   </mxc:datafield>   <mxc:datafield tag="410" ind1=" " ind2=" ">      <mxc:subfield code="w">....b.....</mxc:subfield>      <mxc:subfield code="a">Bibliotheque de la météorologie nationale</mxc:subfield>      <mxc:subfield code="c">Paris</mxc:subfield>   </mxc:datafield>   <mxc:datafield tag="610" ind1=" " ind2=" ">      <mxc:subfield code="a">Guide des lecteurs de la Bibliothèque de la Météorologie nationale, 1974</mxc:subfield>   </mxc:datafield>   <mxc:datafield tag="610" ind1=" " ind2=" ">      <mxc:subfield code="a">Rép. des bib. spéc. fr., 1994</mxc:subfield>   </mxc:datafield>   <mxc:datafield tag="917" ind1=" " ind2=" ">      <mxc:subfield code="o">OPL</mxc:subfield>      <mxc:subfield code="a">005234270</mxc:subfield>   </mxc:datafield>   <mxc:datafield tag="918" ind1=" " ind2=" ">      <mxc:subfield code="o">OPL</mxc:subfield>      <mxc:subfield code="a">00000892</mxc:subfield>      <mxc:subfield code="b">NV1003</mxc:subfield>   </mxc:datafield>
</mxc:record>      </srw:recordData>
<srw:recordIdentifier>ark:/12148/cb12747513w</srw:recordIdentifier>
<srw:recordPosition>30</srw:recordPosition>
<srw:extraRecordData>
<ixm:attr name="CreationDate">19900816</ixm:attr>
<ixm:attr name="LastModificationDate">20071008</ixm:attr>
<mn:score>6.315265</mn:score>
</srw:extraRecordData>
</srw:record>
</srw:records>
<srw:nextRecordPosition>31</srw:nextRecordPosition>
</srw:searchRetrieveResponse>
